@book{villani2003topics,
  title={Topics in optimal transportation},
  author={Villani, C{\'e}dric},
  number={58},
  year={2003},
  publisher={American Mathematical Soc.}
}